% Encoding: UTF-8

@Book{costa1992,
  title     = {Geografia pol{\'\i}tica e geopol{\'\i}tica},
  publisher = {Edusp -- Editora da Universidade de São Paulo},
  year      = {1992},
  author    = {Wanderley Messias da Costa},
  address   = {São Paulo},
  isbn      = {85-314-0067-8},
}

@Article{roseira2015,
  author  = {Roseira, Antonio Marcos},
  title   = {Geografia e Rela{\c{c}}{\~o}es Internacionais},
  journal = {Revista Continentes},
  year    = {2015},
  number  = {7},
  pages   = {64--88},
  issn    = {2317-8825},
  school  = {Universidade Federal Rural do Rio de Janeiro},
}

@Book{raffestin1993,
  title     = {Por uma geografia do poder; tradu{\c{c}}{\~a}o: Maria Cec{\'\i}lia Fran{\c{c}}a},
  publisher = {{\'A}tica},
  year      = {1993},
  author    = {Raffestin, Claude},
  address   = {S{\~a}o Paulo},
}

@Comment{jabref-meta: databaseType:bibtex;}
